@article{Ahsan2021,
  author    = {Ahsan, M. and Mahmud, M. and Saha, P. and Gupta, K. and Siddique, Z.},
  title     = {Effect of data scaling methods on machine learning algorithms and model performance},
  journal   = {Technologies},
  volume    = {9},
  number    = {3},
  pages     = {52},
  year      = {2021},
  doi       = {10.3390/technologies9030052},
  url       = {https://doi.org/10.3390/technologies9030052}
}

@article{Bromwich1990,
  author    = {Bromwich, D. H.},
  title     = {Estimates of Antarctic precipitation},
  journal   = {Nature},
  volume    = {343},
  number    = {6259},
  pages     = {627--629},
  year      = {1990},
  doi       = {10.1038/343627a0},
  url       = {https://doi.org/10.1038/343627a0}
}

@phdthesis{Hall2000,
  author    = {Hall, M. A.},
  title     = {Correlation-based feature selection of discrete and numeric class machine learning},
  school    = {University of Waikato, Department of Computer Science},
  year      = {2000},
  type      = {thesis},
  address   = {Hamilton}
}

@article{Mouginot2019,
  author    = {Mouginot, J. and Rignot, E. and Scheuchl, B.},
  title     = {Continent-wide, interferometric SAR phase, mapping of Antarctic Ice Velocity},
  journal   = {Geophysical Research Letters},
  volume    = {46},
  number    = {16},
  pages     = {9710--9718},
  year      = {2019},
  doi       = {10.1029/2019gl083826},
  url       = {https://doi.org/10.1029/2019gl083826}
}

@article{Nicola2023,
  author    = {Nicola, L. and Notz, D. and Winkelmann, R.},
  title     = {Revisiting temperature sensitivity: How does antarctic precipitation change with temperature?},
  journal   = {The Cryosphere},
  volume    = {17},
  number    = {7},
  pages     = {2563--2583},
  year      = {2023},
  doi       = {10.5194/tc-17-2563-2023},
  url       = {https://doi.org/10.5194/tc-17-2563-2023}
}

@article{Rovira2022,
  author    = {Rovira, M. and Engvall, K. and Duwig, C.},
  title     = {Identifying key features in reactive flows: A tutorial on combining dimensionality reduction, unsupervised clustering, and feature correlation},
  journal   = {Chemical Engineering Journal},
  volume    = {438},
  pages     = {135250},
  year      = {2022},
  doi       = {10.1016/j.cej.2022.135250},
  url       = {https://doi.org/10.1016/j.cej.2022.135250}
}

@article{Blatter2010,
  author    = {Blatter, H. and Greve, R. and Abe-Ouchi, A.},
  title     = {A short history of the thermomechanical theory and modeling of glaciers and ice sheets},
  journal   = {Journal of Glaciology},
  volume    = {56},
  number    = {200},
  pages     = {1087--1094},
  year      = {2010},
  doi       = {10.3189/002214311796406059},
  url       = {https://doi.org/10.3189/002214311796406059}
}

@article{Shepherd2017,
  author    = {Shepherd, A. and Nowicki, S.},
  title     = {Improvements in ice-sheet sea-level projections},
  journal   = {Nature Climate Change},
  volume    = {7},
  number    = {10},
  pages     = {672--674},
  year      = {2017},
  doi       = {10.1038/nclimate3400},
  url       = {https://doi.org/10.1038/nclimate3400}
}

@misc{Dungate2021,
  author    = {Dungate, J.},
  title     = {Artificial intelligence to help predict Arctic sea ice loss},
  howpublished = {The Alan Turing Institute},
  year      = {2021},
  month     = {August 26},
  url       = {https://www.turing.ac.uk/news/artificial-intelligence-help-predict-arctic-sea-ice-loss}
}

@article{Rosier2023,
  author    = {Rosier, S. and Bull, C. and Woo, W. and Gudmundsson, H.},
  title     = {Predicting ocean-induced ice-shelf melt rates using Deep Learning},
  journal   = {The Cryosphere},
  volume    = {17},
  number    = {2},
  pages     = {499--518},
  year      = {2023},
  doi       = {10.5194/egusphere-egu23-15264},
  url       = {https://doi.org/10.5194/egusphere-egu23-15264}
}

@article{Verjans2024,
  author    = {Verjans, V. and Robel, A.},
  title     = {Accelerating subglacial hydrology for ice sheet models with Deep Learning Methods},
  journal   = {Geophysical Research Letters},
  volume    = {51},
  number    = {2},
  year      = {2024},
  doi       = {10.1029/2023gl105281},
  url       = {https://doi.org/10.1029/2023gl105281}
}

@misc{Vir2024,
  author    = {Vir, R. and Shepich, J.},
  title     = {Forecasting Antarctic Ice Sheet Elevation Change with Machine Learning},
  year      = {2024},
  doi       = {10.31219/osf.io/9zyh2},
  url       = {https://doi.org/10.31219/osf.io/9zyh2}
}

@article{Jouvet2021,
  author    = {Jouvet, G. and Cordonnier, G. and Kim, B. and LÃ¼thi, M. and Vieli, A. and Aschwanden, A.},
  title     = {Deep learning speeds up ice flow modelling by several orders of magnitude},
  journal   = {Journal of Glaciology},
  volume    = {68},
  number    = {270},
  pages     = {651--664},
  year      = {2021},
  doi       = {10.1017/jog.2021.120},
  url       = {https://doi.org/10.1017/jog.2021.120}
}

