@article{chen2017increasing,
  title     = {The increasing rate of global mean sea-level rise during 1993--2014},
  author    = {Chen, X. and Zhang, X. and Church, J.A. and Watson, C.S. and King, M.A. and Monselesan, D. and Legresy, B. and Harig, C.},
  journal   = {Nature Climate Change},
  volume    = {7},
  number    = {7},
  pages     = {492--495},
  year      = {2017},
  publisher = {Nature Publishing Group},
  doi       = {10.1038/nclimate3325}
}

@article{edwards2021projected,
  title     = {Projected land ice contributions to twenty-first-century sea level rise},
  author    = {Edwards, T.L. and Nowicki, S. and Marzeion, B. and Hock, R. and Goelzer, H. and Seroussi, H. and Jourdain, N.C. and Slater, D.A. and Turner, F.E. and Smith, C.J. and others},
  journal   = {Nature},
  volume    = {593},
  number    = {7857},
  pages     = {74--82},
  year      = {2021},
  publisher = {Nature Publishing Group},
  doi       = {10.1038/s41586-021-03302-y}
}

@article{golledge2020long,
  title     = {Long-term projections of sea-level rise from Ice Sheets},
  author    = {Golledge, N.R.},
  journal   = {WIREs Climate Change},
  volume    = {11},
  number    = {2},
  pages     = {e634},
  year      = {2020},
  publisher = {Wiley Online Library},
  doi       = {10.1002/wcc.634}
}

@article{hinkel2014coastal,
  title     = {Coastal flood damage and adaptation costs under 21st century sea-level rise},
  author    = {Hinkel, J. and Lincke, D. and Vafeidis, A.T. and Perrette, M. and Nicholls, R.J. and Tol, R.S. and Marzeion, B. and Fettweis, X. and Ionescu, C. and Levermann, A.},
  journal   = {Proceedings of the National Academy of Sciences},
  volume    = {111},
  number    = {9},
  pages     = {3292--3297},
  year      = {2014},
  publisher = {National Acad Sciences},
  doi       = {10.1073/pnas.1222469111}
}

@article{huybrechts1988evolution,
  title     = {Evolution of the east antarctic ice sheet: A numerical study of thermo-mechanical response patterns with changing climate},
  author    = {Huybrechts, P. and Oerlemans, J.},
  journal   = {Annals of Glaciology},
  volume    = {11},
  pages     = {52--59},
  year      = {1988},
  publisher = {Cambridge University Press},
  doi       = {10.1017/s0260305500006327}
}

@article{simeone2018brief,
  title     = {A very brief introduction to machine learning with applications to communication systems},
  author    = {Simeone, O.},
  journal   = {IEEE Transactions on Cognitive Communications and Networking},
  volume    = {4},
  number    = {4},
  pages     = {648--664},
  year      = {2018},
  publisher = {IEEE},
  doi       = {10.1109/tccn.2018.2881442}
}